@Book{abramowitz+stegun,
 author    = "Milton {Abramowitz} and Irene A. {Stegun}",
 title     = "Handbook of Mathematical Functions with
              Formulas, Graphs, and Mathematical Tables",
 publisher = "Dover",
 year      =  1964,
 address   = "New York City",
 edition   = "ninth Dover printing, tenth GPO printing"
}

@INPROCEEDINGS{multiFacetedApproach, 
	author={M.~Patterson and A.~Mills and R.~Scheel and J.~Tillman and E.~Dye and J.~Zambreno}, 
	booktitle={VLSI Test Symposium (VTS), 2013 IEEE 31st}, 
	title={A multi-faceted approach to FPGA-based Trojan circuit detection}, 
	year={2013}, 
	pages={1--4},  
	month={April},
}